<?xml version="1.0" encoding="UTF-8"?><collection xmlns="http://www.loc.gov/MARC21/slim"><record><leader>00307nam--2200121-i-4500</leader><controlfield tag="001">000038106</controlfield><controlfield tag="002">20161230</controlfield><controlfield tag="005">20161230201041</controlfield><controlfield tag="008">060222s1000------------r-----000-0-eng-d</controlfield><datafield ind1=" " ind2=" " tag="100"><subfield code="a">Reichel, I</subfield></datafield><datafield ind1=" " ind2=" " tag="245"><subfield code="a">Chimia si tehnologia colorantilor azoici</subfield></datafield><datafield ind1=" " ind2=" " tag="260"><subfield code="a">[Bucuresti], Acad.R.P.R., 1955, 352p</subfield></datafield><datafield ind1=" " ind2=" " tag="852"><subfield code="a">4137</subfield></datafield></record></collection>